<record><leader>00000cas a2200000 a 4500</leader><controlfield tag="001">12565051</controlfield><controlfield tag="008">850917d18691873gaudn ne      0    0eng c</controlfield><datafield ind1=" " ind2=" " tag="010"><subfield code="a">sn 85034225 </subfield></datafield><datafield ind1=" " ind2=" " tag="040"><subfield code="a">NPU</subfield><subfield code="b">eng</subfield><subfield code="c">NPU</subfield><subfield code="d">NPX</subfield><subfield code="d">NPU</subfield><subfield code="d">NLG</subfield><subfield code="d">DLC</subfield><subfield code="d">OCL</subfield><subfield code="d">DLC</subfield><subfield code="d">NVK</subfield><subfield code="d">GUA</subfield><subfield code="d">CUI</subfield><subfield code="d">OCLCQ</subfield><subfield code="d">OCLCF</subfield></datafield><datafield ind1=" " ind2=" " tag="019"><subfield code="a">12650730</subfield><subfield code="a">13341226</subfield></datafield><datafield ind1="1" ind2=" " tag="029"><subfield code="a">AU@</subfield><subfield code="b">000024499109</subfield></datafield><datafield ind1=" " ind2=" " tag="042"><subfield code="a">pcc</subfield></datafield><datafield ind1=" " ind2=" " tag="043"><subfield code="a">n-us-ga</subfield></datafield><datafield ind1=" " ind2="4" tag="050"><subfield code="a">AN</subfield></datafield><datafield ind1="0" ind2=" " tag="130"><subfield code="a">Telegraph and messenger (Macon, Ga. : 1869)</subfield></datafield><datafield ind1="1" ind2="4" tag="245"><subfield code="a">The telegraph and messenger.</subfield></datafield><datafield ind1="1" ind2=" " tag="246"><subfield code="i">Issues for &lt;1870&gt; published as:</subfield><subfield code="a">Macon daily telegraph and messenger</subfield></datafield><datafield ind1="1" ind2=" " tag="246"><subfield code="i">Issues for &lt;1870&gt;-1873 published as:</subfield><subfield code="a">Telegraph &amp; messenger</subfield></datafield><datafield ind1=" " ind2=" " tag="260"><subfield code="a">Macon, Ga. :</subfield><subfield code="b">Clisby, Reid &amp; Reese,</subfield><subfield code="c">-[1873]</subfield></datafield><datafield ind1=" " ind2=" " tag="300"><subfield code="a">v.</subfield></datafield><datafield ind1=" " ind2=" " tag="310"><subfield code="a">Daily (except Sun.)</subfield></datafield><datafield ind1="1" ind2=" " tag="362"><subfield code="a">Began in Nov. 1869.</subfield></datafield><datafield ind1="0" ind2=" " tag="362"><subfield code="a">-no. 6708 (Aug. 31, 1873).</subfield></datafield><datafield ind1=" " ind2=" " tag="530"><subfield code="a">Also on microfilm: Athens, Ga. : University of Georgia Libraries.</subfield></datafield><datafield ind1=" " ind2=" " tag="580"><subfield code="a">Semiweekly ed.: Semi-weekly telegraph and messenger.</subfield></datafield><datafield ind1=" " ind2=" " tag="580"><subfield code="a">Weekly ed.: Georgia weekly telegraph and Georgia journal &amp; messenger.</subfield></datafield><datafield ind1=" " ind2=" " tag="580"><subfield code="a">Formed by the union of: Macon daily telegraph (Macon, Ga. : 1865), and: Daily journal and messenger (Macon, Ga. : 1867).</subfield></datafield><datafield ind1=" " ind2=" " tag="588"><subfield code="a">Description based on: No. 2989 (Feb. 5, 1870).</subfield></datafield><datafield ind1=" " ind2="0" tag="651"><subfield code="a">Macon (Ga.)</subfield><subfield code="v">Newspapers.</subfield></datafield><datafield ind1=" " ind2="0" tag="651"><subfield code="a">Bibb County (Ga.)</subfield><subfield code="v">Newspapers.</subfield></datafield><datafield ind1=" " ind2="7" tag="655"><subfield code="a">Newspapers.</subfield><subfield code="2">fast</subfield><subfield code="0">(OCoLC)fst01423814</subfield></datafield><datafield ind1=" " ind2="7" tag="651"><subfield code="a">Georgia</subfield><subfield code="z">Bibb County.</subfield><subfield code="2">fast</subfield><subfield code="0">(OCoLC)fst01207988</subfield></datafield><datafield ind1=" " ind2="7" tag="651"><subfield code="a">Georgia</subfield><subfield code="z">Macon.</subfield><subfield code="2">fast</subfield><subfield code="0">(OCoLC)fst01206924</subfield></datafield><datafield ind1=" " ind2=" " tag="752"><subfield code="a">United States</subfield><subfield code="b">Georgia</subfield><subfield code="c">Bibb</subfield><subfield code="d">Macon.</subfield></datafield><datafield ind1="1" ind2=" " tag="775"><subfield code="t">Georgia weekly telegraph and Georgia journal &amp; messenger</subfield><subfield code="w">(DLC)sn 85034222</subfield><subfield code="w">(OCoLC)12565042</subfield></datafield><datafield ind1="1" ind2=" " tag="775"><subfield code="t">Semi-weekly telegraph and messenger</subfield><subfield code="w">(DLC)sn 86053060</subfield><subfield code="w">(OCoLC)13105142</subfield></datafield><datafield ind1="0" ind2="8" tag="776"><subfield code="i">Online version:</subfield><subfield code="t">Telegraph and messenger (Macon, Ga. : 1869 : Online)</subfield><subfield code="w">(OCoLC)653009611</subfield></datafield><datafield ind1="1" ind2="4" tag="780"><subfield code="t">Macon daily telegraph (Macon, Ga. : 1865)</subfield><subfield code="w">(DLC)sn 84025794</subfield><subfield code="w">(OCoLC)10422870</subfield></datafield><datafield ind1="1" ind2="4" tag="780"><subfield code="t">Daily journal and messenger (Macon, Ga. : 1867)</subfield><subfield code="w">(DLC)sn 82015434</subfield><subfield code="w">(OCoLC)8808978</subfield></datafield><datafield ind1="0" ind2="0" tag="785"><subfield code="t">Daily telegraph and messenger (Macon, Ga.)</subfield><subfield code="w">(DLC)sn 89053319</subfield><subfield code="w">(OCoLC)19872266</subfield></datafield></record>